@techreport{rfc7799,
    author       = {Internet Engineering Task Force (IETF)},
    title        = {Active and Passive Metrics and Methods (with Hybrid Types In-Between)},
    year         = {2016},
    number       = {RFC 7799},
    institution  = {IETF},
    type         = {RFC},
    note         = {Available online at \url{https://www.ietf.org/rfc/rfc7799.txt}},
}
@inproceedings{mahanti2009,
    title = {Workload Characterization of a Large Systems Conference Web Server},
    author = {Aniket Mahanti and Carey Williamson and Leanne Wu},
    year = {2009},
    publisher = {Seventh Annual Communications Networks and Services Research Conference},
}
