@article{turing_test,
    author = "Alan Turing",
    title = "The Turing Test",
    journal = "The Alan Turing Internet Scrapbook",
    year = "1950",
    url = "https://www.turing.org.uk/scrapbook/test.html",
}

@article{chinese_room,
    author = "John Searle",
    title = "Consciousness and Language",
    journal = "Cambridge University Press",
    year = "2002",
    page = 16,
    url = "https://books.google.co.nz/books?id=bvxhV-1Duz8C&pg=PA16",
}

@article{ahbinav,
    author = "Ahbinav Muraleedharan",
    title = "Turing Machines Cannot Simulate The Human Mind",
    journal = "University of Toronto",
    year = "2022",
}

@article{worm,
    title = "Digitized worm brain learns a new trick",
    url = "https://newatlas.com/c-elegans-worm-neural-network/53296",
    journal = "New Atlas Magazine",
    year = "2018"
}

@article{church-turing,
    title = "Church-Turing Thesis",
    journal = "Stanford University",
    year = "1936",
    url = "https://plato.stanford.edu/entries/church-turing/"
}
